<record xmlns:xsi="http://www.w3.org/2001/XMLSchema-instance" xmlns="http://www.loc.gov/MARC21/slim" xsi:schemaLocation="http://www.loc.gov/MARC21/slim http://www.loc.gov/standards/marcxml/schema/MARC21slim.xsd">

  <leader>00608nam a2200181Ia 4500</leader>
  <datafield tag="999" ind1=" " ind2=" ">
    <subfield code="c">1983</subfield>
    <subfield code="d">1983</subfield>
  </datafield>
  <controlfield tag="008">180704b1985    cr ||||| |||| 00| | spa d</controlfield>
  <datafield tag="090" ind1=" " ind2=" ">
    <subfield code="a">06.05.04 </subfield>
    <subfield code="b">6</subfield>
  </datafield>
  <datafield ind1=" " ind2=" " tag="100">
    <subfield code="a">Mainieri Hidalgo, Aida María</subfield>
  </datafield>
  <datafield tag="245" ind2="0" ind1="1">
    <subfield code="a">Principios básicos en el desarrollo psicológico del niño / </subfield>
    <subfield code="c">Aida María Mainieri Hidalgo, Zayra Méndez Barrantes</subfield>
  </datafield>
  <datafield tag="260" ind1=" " ind2=" ">
    <subfield code="a">San José, Costa Rica : </subfield>
    <subfield code="b">IIMEC, </subfield>
    <subfield code="c">1985</subfield>
  </datafield>
  <datafield tag="300" ind2=" " ind1=" ">
    <subfield code="a">10 páginas</subfield>
  </datafield>
  <datafield ind2="4" ind1="1" tag="650">
    <subfield code="a">DESARROLLO DEL NIÑO</subfield>
    <subfield code="9">723</subfield>
  </datafield>
  <datafield tag="650" ind1="1" ind2="4">
    <subfield code="a">PSICOLOGÍA</subfield>
    <subfield code="9">657</subfield>
  </datafield>
  <datafield tag="650" ind1="1" ind2="4">
    <subfield code="a">EDUCACIÓN</subfield>
    <subfield code="9">1</subfield>
  </datafield>
  <datafield tag="650" ind1="1" ind2="4">
    <subfield code="a">PERSONALIDAD</subfield>
    <subfield code="9">1790</subfield>
  </datafield>
  <datafield tag="700" ind2=" " ind1=" ">
    <subfield code="a">Méndez Barrantes, Zayra</subfield>
    <subfield code="9">2957</subfield>
  </datafield>
  <datafield tag="942" ind2=" " ind1=" ">
    <subfield code="2">z</subfield>
    <subfield code="c">04</subfield>
  </datafield>
</record>